<record><leader>00000cas a2200000 a 4500</leader><controlfield tag="001">48660127</controlfield><controlfield tag="008">011221d19571957iluwr ne      0   a0eng c</controlfield><datafield ind1=" " ind2=" " tag="010"><subfield code="a">sn2001061348</subfield></datafield><datafield ind1=" " ind2=" " tag="040"><subfield code="a">CVF</subfield><subfield code="b">eng</subfield><subfield code="c">CVF</subfield><subfield code="d">NVF</subfield><subfield code="d">OCLCO</subfield></datafield><datafield ind1="1" ind2=" " tag="029"><subfield code="a">AU@</subfield><subfield code="b">000023276766</subfield></datafield><datafield ind1=" " ind2=" " tag="042"><subfield code="a">pcc</subfield></datafield><datafield ind1=" " ind2=" " tag="043"><subfield code="a">n-us-il</subfield></datafield><datafield ind1="0" ind2=" " tag="130"><subfield code="a">Southwest news-herald (Chicago, Ill. : South ed.)</subfield></datafield><datafield ind1="0" ind2="0" tag="245"><subfield code="a">Southwest news-herald.</subfield></datafield><datafield ind1="3" ind2=" " tag="246"><subfield code="a">Southwest news herald</subfield></datafield><datafield ind1=" " ind2=" " tag="250"><subfield code="a">South ed.</subfield></datafield><datafield ind1=" " ind2=" " tag="260"><subfield code="a">Chicago, Ill. :</subfield><subfield code="b">Edward Vondrak,</subfield><subfield code="c">1957.</subfield></datafield><datafield ind1=" " ind2=" " tag="300"><subfield code="a">volumes</subfield></datafield><datafield ind1=" " ind2=" " tag="310"><subfield code="a">Weekly</subfield></datafield><datafield ind1="0" ind2=" " tag="362"><subfield code="a">Vol. 34, no. 20 (Apr. 18, 1957)-v. 34, no. 23 (May 9, 1957).</subfield></datafield><datafield ind1=" " ind2=" " tag="580"><subfield code="a">Split into: Scottsdale-Crestline star and: Ashburn-Wrightwood post.</subfield></datafield><datafield ind1=" " ind2="0" tag="650"><subfield code="a">Community newspapers</subfield><subfield code="z">Illinois</subfield><subfield code="z">Chicago.</subfield></datafield><datafield ind1=" " ind2="0" tag="651"><subfield code="a">Ashburn (Chicago, Ill.)</subfield><subfield code="v">Newspapers.</subfield></datafield><datafield ind1=" " ind2="0" tag="651"><subfield code="a">Scottsdale (Chicago, Ill.)</subfield><subfield code="v">Newspapers.</subfield></datafield><datafield ind1=" " ind2="0" tag="651"><subfield code="a">Crestline (Chicago, Ill.)</subfield><subfield code="v">Newspapers.</subfield></datafield><datafield ind1=" " ind2="0" tag="651"><subfield code="a">Wrightwood (Chicago, Ill.)</subfield><subfield code="v">Newspapers.</subfield></datafield><datafield ind1=" " ind2=" " tag="752"><subfield code="a">United States</subfield><subfield code="b">Illinois</subfield><subfield code="c">Cook County</subfield><subfield code="d">Chicago.</subfield></datafield><datafield ind1="0" ind2=" " tag="775"><subfield code="t">Southwest news-herald (Chicago, Ill. : West ed.)</subfield><subfield code="w">(DLC)sn2001061347</subfield><subfield code="w">(OCoLC)48675101</subfield></datafield><datafield ind1="0" ind2="1" tag="780"><subfield code="t">Southwest news-herald (Chicago, Ill. : Central ed.)</subfield><subfield code="w">(DLC)sn2001061346</subfield><subfield code="w">(OCoLC)48659954</subfield></datafield><datafield ind1="1" ind2="6" tag="785"><subfield code="t">Scottsdale-Crestline star</subfield><subfield code="w">(DLC)sn2001061356</subfield><subfield code="w">(OCoLC)48674975</subfield></datafield><datafield ind1="1" ind2="6" tag="785"><subfield code="t">Ashburn-Wrightwood post</subfield><subfield code="w">(DLC)sn2001061355</subfield><subfield code="w">(OCoLC)48674967</subfield></datafield></record>